<record><leader>00000cas a2200000 a 4500</leader><controlfield tag="001">11820870</controlfield><controlfield tag="008">850319d18961898ksuwr ne      0   a0eng d</controlfield><datafield ind1=" " ind2=" " tag="010"><subfield code="a">sn 85029087 </subfield></datafield><datafield ind1=" " ind2=" " tag="040"><subfield code="a">KSH</subfield><subfield code="b">eng</subfield><subfield code="c">KSH</subfield><subfield code="d">NPT</subfield><subfield code="d">OCL</subfield><subfield code="d">OCLCQ</subfield></datafield><datafield ind1=" " ind2=" " tag="042"><subfield code="a">msc</subfield></datafield><datafield ind1="0" ind2="4" tag="245"><subfield code="a">The Nortonville herald.</subfield></datafield><datafield ind1=" " ind2=" " tag="260"><subfield code="a">Nortonville, Kan. :</subfield><subfield code="b">A.W. Robinson,</subfield><subfield code="c">1896-1898.</subfield></datafield><datafield ind1=" " ind2=" " tag="300"><subfield code="a">3 v. :</subfield><subfield code="b">ill. ;</subfield><subfield code="c">49-67 cm.</subfield></datafield><datafield ind1=" " ind2=" " tag="310"><subfield code="a">Weekly</subfield></datafield><datafield ind1="0" ind2=" " tag="362"><subfield code="a">Vol. 1, no. 1 (Feb. 7, 1896)-v. 3, no. 35 (Sept. 23, 1898).</subfield></datafield><datafield ind1=" " ind2=" " tag="525"><subfield code="a">Includes supplements.</subfield></datafield><datafield ind1=" " ind2=" " tag="752"><subfield code="a">United States</subfield><subfield code="b">Kansas</subfield><subfield code="c">Jefferson</subfield><subfield code="d">Nortonville.</subfield></datafield><datafield ind1="0" ind2="7" tag="785"><subfield code="t">Nortonville news (Nortonville, Kan. : 1885)</subfield><subfield code="w">(DLC)sn 85029088</subfield></datafield><datafield ind1="0" ind2="7" tag="785"><subfield code="t">Nortonville news-herald</subfield><subfield code="w">(DLC)sn 85029089</subfield></datafield></record>